@inproceedings{li2018visualizing,
  title={Visualizing the loss landscape of neural nets},
  author={Li, Hao and Xu, Zheng and Taylor, Gavin and Studer, Christoph and Goldstein, Tom},
  booktitle={Advances in Neural Information Processing Systems},
  pages={6389--6399},
  year={2018}
}